<?xml version="1.0" encoding="UTF-8"?>
<collection xmlns:xsi="http://www.w3.org/2001/XMLSchema-instance" xsi:schemaLocation="http://www.loc.gov/MARC21/slim http://www.loc.gov/standards/marcxml/schema/MARC21slim.xsd" xmlns="http://www.loc.gov/MARC21/slim">
<record>
  <leader>01031cam a2200253 a 4500</leader>
  <controlfield tag="001">9008030</controlfield>
  <controlfield tag="003">NNC</controlfield>
  <controlfield tag="005">20111026000235.0</controlfield>
  <controlfield tag="008">000801s196u    iq            000 j arard</controlfield>
  <datafield tag="035" ind1=" " ind2=" ">
    <subfield code="a">(OCoLC)ocm44692997</subfield>
  </datafield>
  <datafield tag="035" ind1=" " ind2=" ">
    <subfield code="a">(OCoLC)44692997</subfield>
  </datafield>
  <datafield tag="035" ind1=" " ind2=" ">
    <subfield code="a">(NNC)9008030</subfield>
  </datafield>
  <datafield tag="040" ind1=" " ind2=" ">
    <subfield code="a">IUL</subfield>
    <subfield code="c">IUL</subfield>
  </datafield>
  <datafield tag="050" ind1=" " ind2="4">
    <subfield code="a">PJ7864.A356</subfield>
    <subfield code="b">D16</subfield>
  </datafield>
  <datafield tag="066" ind1=" " ind2=" ">
    <subfield code="c">(3</subfield>
  </datafield>
  <datafield tag="100" ind1="1" ind2=" ">
    <subfield code="6">880-01</subfield>
    <subfield code="a">Tuḥafī, ʻAbd al-Ḥamīd.</subfield>
  </datafield>
  <datafield tag="245" ind1="1" ind2="3">
    <subfield code="6">880-02</subfield>
    <subfield code="a">al-Damm.. wa-maʻrakat al-maṣīr :</subfield>
    <subfield code="b">majmūʻat qiṣaṣ /</subfield>
    <subfield code="c">bi-qalam ʻAbd al-Ḥamīd ʻAbd al-Majīd al-Tuḥāfī.</subfield>
  </datafield>
  <datafield tag="246" ind1="3" ind2=" ">
    <subfield code="a">Dam.. wa-maʻrakat al-maṣīr</subfield>
  </datafield>
  <datafield tag="260" ind1=" " ind2=" ">
    <subfield code="6">880-03</subfield>
    <subfield code="a">Mūṣil :</subfield>
    <subfield code="b">Maṭbaʻat Um al-Rabīʻayn,</subfield>
    <subfield code="c">[196-?]</subfield>
  </datafield>
  <datafield tag="300" ind1=" " ind2=" ">
    <subfield code="a">95 p. ;</subfield>
    <subfield code="c">20 cm.</subfield>
  </datafield>
  <datafield tag="880" ind1="1" ind2=" ">
    <subfield code="6">100-01/(3/r</subfield>
    <subfield code="a">تحافي، عبد الحميد.</subfield>
  </datafield>
  <datafield tag="880" ind1="1" ind2="2">
    <subfield code="6">245-02/(3/r</subfield>
    <subfield code="a">الدم.. و معركة المصير :</subfield>
    <subfield code="b">مجموعة قصص /</subfield>
    <subfield code="c">بقلم عبد الحميد عبد المجيد التحافي.</subfield>
  </datafield>
  <datafield tag="880" ind1=" " ind2=" ">
    <subfield code="6">260-03/(3/r</subfield>
    <subfield code="a">موصل :</subfield>
    <subfield code="b">مطبعة م الربيعين،</subfield>
    <subfield code="c">[-196؟]</subfield>
  </datafield>
  <datafield tag="955" ind1=" " ind2=" ">
    <subfield code="b">CU90372921</subfield>
    <subfield code="d">off,glx</subfield>
    <subfield code="e">PJ7864.A356 D16 1960z</subfield>
  </datafield>
</record>
</collection>